%YAML 1.1
%TAG !u! tag:unity3d.com,2011:
--- !u!1 &824886387002022991
GameObject:
  m_ObjectHideFlags: 0
  m_CorrespondingSourceObject: {fileID: 0}
  m_PrefabInstance: {fileID: 0}
  m_PrefabAsset: {fileID: 0}
  serializedVersion: 6
  m_Component:
  - component: {fileID: 4426792962211803293}
  - component: {fileID: 3533747909175136196}
  - component: {fileID: 8962582205809905888}
  m_Layer: 0
  m_Name: Cylinder.003
  m_TagString: Untagged
  m_Icon: {fileID: 0}
  m_NavMeshLayer: 0
  m_StaticEditorFlags: 0
  m_IsActive: 1
--- !u!4 &4426792962211803293
Transform:
  m_ObjectHideFlags: 0
  m_CorrespondingSourceObject: {fileID: 0}
  m_PrefabInstance: {fileID: 0}
  m_PrefabAsset: {fileID: 0}
  m_GameObject: {fileID: 824886387002022991}
  m_LocalRotation: {x: -0.7071068, y: 0, z: -0, w: 0.7071067}
  m_LocalPosition: {x: 0.000007854775, y: 0.06250005, z: 0.00010573864}
  m_LocalScale: {x: 100, y: 100, z: 100}
  m_ConstrainProportionsScale: 0
  m_Children: []
  m_Father: {fileID: 8378669101144022194}
  m_RootOrder: 0
  m_LocalEulerAnglesHint: {x: 0, y: 0, z: 0}
--- !u!33 &3533747909175136196
MeshFilter:
  m_ObjectHideFlags: 0
  m_CorrespondingSourceObject: {fileID: 0}
  m_PrefabInstance: {fileID: 0}
  m_PrefabAsset: {fileID: 0}
  m_GameObject: {fileID: 824886387002022991}
  m_Mesh: {fileID: 6239881831769578202, guid: 7c664ba285e38a84180fbb9a4f0cb236, type: 3}
--- !u!23 &8962582205809905888
MeshRenderer:
  m_ObjectHideFlags: 0
  m_CorrespondingSourceObject: {fileID: 0}
  m_PrefabInstance: {fileID: 0}
  m_PrefabAsset: {fileID: 0}
  m_GameObject: {fileID: 824886387002022991}
  m_Enabled: 1
  m_CastShadows: 1
  m_ReceiveShadows: 1
  m_DynamicOccludee: 1
  m_StaticShadowCaster: 0
  m_MotionVectors: 1
  m_LightProbeUsage: 1
  m_ReflectionProbeUsage: 1
  m_RayTracingMode: 2
  m_RayTraceProcedural: 0
  m_RenderingLayerMask: 1
  m_RendererPriority: 0
  m_Materials:
  - {fileID: 2100000, guid: d623943cb1b65eb4899b18bf8039fb87, type: 2}
  m_StaticBatchInfo:
    firstSubMesh: 0
    subMeshCount: 0
  m_StaticBatchRoot: {fileID: 0}
  m_ProbeAnchor: {fileID: 0}
  m_LightProbeVolumeOverride: {fileID: 0}
  m_ScaleInLightmap: 1
  m_ReceiveGI: 1
  m_PreserveUVs: 0
  m_IgnoreNormalsForChartDetection: 0
  m_ImportantGI: 0
  m_StitchLightmapSeams: 1
  m_SelectedEditorRenderState: 3
  m_MinimumChartSize: 4
  m_AutoUVMaxDistance: 0.5
  m_AutoUVMaxAngle: 89
  m_LightmapParameters: {fileID: 0}
  m_SortingLayerID: 0
  m_SortingLayer: 0
  m_SortingOrder: 0
  m_AdditionalVertexStreams: {fileID: 0}
--- !u!1 &2612182418213638724
GameObject:
  m_ObjectHideFlags: 0
  m_CorrespondingSourceObject: {fileID: 0}
  m_PrefabInstance: {fileID: 0}
  m_PrefabAsset: {fileID: 0}
  serializedVersion: 6
  m_Component:
  - component: {fileID: 6089711368666559441}
  - component: {fileID: 3152900557497118254}
  - component: {fileID: 5208197562097847068}
  m_Layer: 0
  m_Name: Cylinder.012
  m_TagString: Untagged
  m_Icon: {fileID: 0}
  m_NavMeshLayer: 0
  m_StaticEditorFlags: 0
  m_IsActive: 1
--- !u!4 &6089711368666559441
Transform:
  m_ObjectHideFlags: 0
  m_CorrespondingSourceObject: {fileID: 0}
  m_PrefabInstance: {fileID: 0}
  m_PrefabAsset: {fileID: 0}
  m_GameObject: {fileID: 2612182418213638724}
  m_LocalRotation: {x: -0.7071068, y: 0, z: -0, w: 0.7071067}
  m_LocalPosition: {x: 0.00465123, y: 0.052878797, z: 0.00015630573}
  m_LocalScale: {x: 100, y: 100, z: 100}
  m_ConstrainProportionsScale: 0
  m_Children: []
  m_Father: {fileID: 8378669101144022194}
  m_RootOrder: 3
  m_LocalEulerAnglesHint: {x: 0, y: 0, z: 0}
--- !u!33 &3152900557497118254
MeshFilter:
  m_ObjectHideFlags: 0
  m_CorrespondingSourceObject: {fileID: 0}
  m_PrefabInstance: {fileID: 0}
  m_PrefabAsset: {fileID: 0}
  m_GameObject: {fileID: 2612182418213638724}
  m_Mesh: {fileID: -5308210633308118684, guid: 7c664ba285e38a84180fbb9a4f0cb236, type: 3}
--- !u!23 &5208197562097847068
MeshRenderer:
  m_ObjectHideFlags: 0
  m_CorrespondingSourceObject: {fileID: 0}
  m_PrefabInstance: {fileID: 0}
  m_PrefabAsset: {fileID: 0}
  m_GameObject: {fileID: 2612182418213638724}
  m_Enabled: 1
  m_CastShadows: 1
  m_ReceiveShadows: 1
  m_DynamicOccludee: 1
  m_StaticShadowCaster: 0
  m_MotionVectors: 1
  m_LightProbeUsage: 1
  m_ReflectionProbeUsage: 1
  m_RayTracingMode: 2
  m_RayTraceProcedural: 0
  m_RenderingLayerMask: 1
  m_RendererPriority: 0
  m_Materials:
  - {fileID: 2100000, guid: d623943cb1b65eb4899b18bf8039fb87, type: 2}
  m_StaticBatchInfo:
    firstSubMesh: 0
    subMeshCount: 0
  m_StaticBatchRoot: {fileID: 0}
  m_ProbeAnchor: {fileID: 0}
  m_LightProbeVolumeOverride: {fileID: 0}
  m_ScaleInLightmap: 1
  m_ReceiveGI: 1
  m_PreserveUVs: 0
  m_IgnoreNormalsForChartDetection: 0
  m_ImportantGI: 0
  m_StitchLightmapSeams: 1
  m_SelectedEditorRenderState: 3
  m_MinimumChartSize: 4
  m_AutoUVMaxDistance: 0.5
  m_AutoUVMaxAngle: 89
  m_LightmapParameters: {fileID: 0}
  m_SortingLayerID: 0
  m_SortingLayer: 0
  m_SortingOrder: 0
  m_AdditionalVertexStreams: {fileID: 0}
--- !u!1 &5089244527891829617
GameObject:
  m_ObjectHideFlags: 0
  m_CorrespondingSourceObject: {fileID: 0}
  m_PrefabInstance: {fileID: 0}
  m_PrefabAsset: {fileID: 0}
  serializedVersion: 6
  m_Component:
  - component: {fileID: 3360796417233787192}
  - component: {fileID: 3267347955143794105}
  - component: {fileID: 7777970053447685896}
  m_Layer: 0
  m_Name: Cylinder.006
  m_TagString: Untagged
  m_Icon: {fileID: 0}
  m_NavMeshLayer: 0
  m_StaticEditorFlags: 0
  m_IsActive: 1
--- !u!4 &3360796417233787192
Transform:
  m_ObjectHideFlags: 0
  m_CorrespondingSourceObject: {fileID: 0}
  m_PrefabInstance: {fileID: 0}
  m_PrefabAsset: {fileID: 0}
  m_GameObject: {fileID: 5089244527891829617}
  m_LocalRotation: {x: -0.7071068, y: 0, z: -0, w: 0.7071067}
  m_LocalPosition: {x: -0.000101523474, y: 0.052123293, z: 0.0020199493}
  m_LocalScale: {x: 100, y: 100, z: 100}
  m_ConstrainProportionsScale: 0
  m_Children: []
  m_Father: {fileID: 8378669101144022194}
  m_RootOrder: 2
  m_LocalEulerAnglesHint: {x: 0, y: 0, z: 0}
--- !u!33 &3267347955143794105
MeshFilter:
  m_ObjectHideFlags: 0
  m_CorrespondingSourceObject: {fileID: 0}
  m_PrefabInstance: {fileID: 0}
  m_PrefabAsset: {fileID: 0}
  m_GameObject: {fileID: 5089244527891829617}
  m_Mesh: {fileID: -125435165217083709, guid: 7c664ba285e38a84180fbb9a4f0cb236, type: 3}
--- !u!23 &7777970053447685896
MeshRenderer:
  m_ObjectHideFlags: 0
  m_CorrespondingSourceObject: {fileID: 0}
  m_PrefabInstance: {fileID: 0}
  m_PrefabAsset: {fileID: 0}
  m_GameObject: {fileID: 5089244527891829617}
  m_Enabled: 1
  m_CastShadows: 1
  m_ReceiveShadows: 1
  m_DynamicOccludee: 1
  m_StaticShadowCaster: 0
  m_MotionVectors: 1
  m_LightProbeUsage: 1
  m_ReflectionProbeUsage: 1
  m_RayTracingMode: 2
  m_RayTraceProcedural: 0
  m_RenderingLayerMask: 1
  m_RendererPriority: 0
  m_Materials:
  - {fileID: 2100000, guid: d623943cb1b65eb4899b18bf8039fb87, type: 2}
  m_StaticBatchInfo:
    firstSubMesh: 0
    subMeshCount: 0
  m_StaticBatchRoot: {fileID: 0}
  m_ProbeAnchor: {fileID: 0}
  m_LightProbeVolumeOverride: {fileID: 0}
  m_ScaleInLightmap: 1
  m_ReceiveGI: 1
  m_PreserveUVs: 0
  m_IgnoreNormalsForChartDetection: 0
  m_ImportantGI: 0
  m_StitchLightmapSeams: 1
  m_SelectedEditorRenderState: 3
  m_MinimumChartSize: 4
  m_AutoUVMaxDistance: 0.5
  m_AutoUVMaxAngle: 89
  m_LightmapParameters: {fileID: 0}
  m_SortingLayerID: 0
  m_SortingLayer: 0
  m_SortingOrder: 0
  m_AdditionalVertexStreams: {fileID: 0}
--- !u!1 &7006569899949779369
GameObject:
  m_ObjectHideFlags: 0
  m_CorrespondingSourceObject: {fileID: 0}
  m_PrefabInstance: {fileID: 0}
  m_PrefabAsset: {fileID: 0}
  serializedVersion: 6
  m_Component:
  - component: {fileID: 80978167090427236}
  - component: {fileID: 121605130503777064}
  - component: {fileID: 6873315382326529424}
  m_Layer: 0
  m_Name: Torus.002
  m_TagString: Untagged
  m_Icon: {fileID: 0}
  m_NavMeshLayer: 0
  m_StaticEditorFlags: 0
  m_IsActive: 1
--- !u!4 &80978167090427236
Transform:
  m_ObjectHideFlags: 0
  m_CorrespondingSourceObject: {fileID: 0}
  m_PrefabInstance: {fileID: 0}
  m_PrefabAsset: {fileID: 0}
  m_GameObject: {fileID: 7006569899949779369}
  m_LocalRotation: {x: -0.7071068, y: 0, z: -0, w: 0.7071067}
  m_LocalPosition: {x: -0.00012308545, y: 0.12593703, z: 0.00010573864}
  m_LocalScale: {x: 100, y: 100, z: 100}
  m_ConstrainProportionsScale: 0
  m_Children: []
  m_Father: {fileID: 8378669101144022194}
  m_RootOrder: 4
  m_LocalEulerAnglesHint: {x: 0, y: 0, z: 0}
--- !u!33 &121605130503777064
MeshFilter:
  m_ObjectHideFlags: 0
  m_CorrespondingSourceObject: {fileID: 0}
  m_PrefabInstance: {fileID: 0}
  m_PrefabAsset: {fileID: 0}
  m_GameObject: {fileID: 7006569899949779369}
  m_Mesh: {fileID: -5345760584941703707, guid: 7c664ba285e38a84180fbb9a4f0cb236, type: 3}
--- !u!23 &6873315382326529424
MeshRenderer:
  m_ObjectHideFlags: 0
  m_CorrespondingSourceObject: {fileID: 0}
  m_PrefabInstance: {fileID: 0}
  m_PrefabAsset: {fileID: 0}
  m_GameObject: {fileID: 7006569899949779369}
  m_Enabled: 1
  m_CastShadows: 1
  m_ReceiveShadows: 1
  m_DynamicOccludee: 1
  m_StaticShadowCaster: 0
  m_MotionVectors: 1
  m_LightProbeUsage: 1
  m_ReflectionProbeUsage: 1
  m_RayTracingMode: 2
  m_RayTraceProcedural: 0
  m_RenderingLayerMask: 1
  m_RendererPriority: 0
  m_Materials:
  - {fileID: 2100000, guid: 31321ba15b8f8eb4c954353edc038b1d, type: 2}
  m_StaticBatchInfo:
    firstSubMesh: 0
    subMeshCount: 0
  m_StaticBatchRoot: {fileID: 0}
  m_ProbeAnchor: {fileID: 0}
  m_LightProbeVolumeOverride: {fileID: 0}
  m_ScaleInLightmap: 1
  m_ReceiveGI: 1
  m_PreserveUVs: 0
  m_IgnoreNormalsForChartDetection: 0
  m_ImportantGI: 0
  m_StitchLightmapSeams: 1
  m_SelectedEditorRenderState: 3
  m_MinimumChartSize: 4
  m_AutoUVMaxDistance: 0.5
  m_AutoUVMaxAngle: 89
  m_LightmapParameters: {fileID: 0}
  m_SortingLayerID: 0
  m_SortingLayer: 0
  m_SortingOrder: 0
  m_AdditionalVertexStreams: {fileID: 0}
--- !u!1 &8682386484092755747
GameObject:
  m_ObjectHideFlags: 0
  m_CorrespondingSourceObject: {fileID: 0}
  m_PrefabInstance: {fileID: 0}
  m_PrefabAsset: {fileID: 0}
  serializedVersion: 6
  m_Component:
  - component: {fileID: 835700460067051650}
  - component: {fileID: 6388481114217462746}
  - component: {fileID: 6050757593815421740}
  m_Layer: 0
  m_Name: Cylinder.004
  m_TagString: Untagged
  m_Icon: {fileID: 0}
  m_NavMeshLayer: 0
  m_StaticEditorFlags: 0
  m_IsActive: 1
--- !u!4 &835700460067051650
Transform:
  m_ObjectHideFlags: 0
  m_CorrespondingSourceObject: {fileID: 0}
  m_PrefabInstance: {fileID: 0}
  m_PrefabAsset: {fileID: 0}
  m_GameObject: {fileID: 8682386484092755747}
  m_LocalRotation: {x: -0.7071068, y: 0, z: -0, w: 0.7071067}
  m_LocalPosition: {x: -0.036097243, y: 0.07632991, z: 0.00010573864}
  m_LocalScale: {x: 100, y: 100, z: 100}
  m_ConstrainProportionsScale: 0
  m_Children: []
  m_Father: {fileID: 8378669101144022194}
  m_RootOrder: 1
  m_LocalEulerAnglesHint: {x: 0, y: 0, z: 0}
--- !u!33 &6388481114217462746
MeshFilter:
  m_ObjectHideFlags: 0
  m_CorrespondingSourceObject: {fileID: 0}
  m_PrefabInstance: {fileID: 0}
  m_PrefabAsset: {fileID: 0}
  m_GameObject: {fileID: 8682386484092755747}
  m_Mesh: {fileID: 6255687079079774844, guid: 7c664ba285e38a84180fbb9a4f0cb236, type: 3}
--- !u!23 &6050757593815421740
MeshRenderer:
  m_ObjectHideFlags: 0
  m_CorrespondingSourceObject: {fileID: 0}
  m_PrefabInstance: {fileID: 0}
  m_PrefabAsset: {fileID: 0}
  m_GameObject: {fileID: 8682386484092755747}
  m_Enabled: 1
  m_CastShadows: 1
  m_ReceiveShadows: 1
  m_DynamicOccludee: 1
  m_StaticShadowCaster: 0
  m_MotionVectors: 1
  m_LightProbeUsage: 1
  m_ReflectionProbeUsage: 1
  m_RayTracingMode: 2
  m_RayTraceProcedural: 0
  m_RenderingLayerMask: 1
  m_RendererPriority: 0
  m_Materials:
  - {fileID: 2100000, guid: 31321ba15b8f8eb4c954353edc038b1d, type: 2}
  m_StaticBatchInfo:
    firstSubMesh: 0
    subMeshCount: 0
  m_StaticBatchRoot: {fileID: 0}
  m_ProbeAnchor: {fileID: 0}
  m_LightProbeVolumeOverride: {fileID: 0}
  m_ScaleInLightmap: 1
  m_ReceiveGI: 1
  m_PreserveUVs: 0
  m_IgnoreNormalsForChartDetection: 0
  m_ImportantGI: 0
  m_StitchLightmapSeams: 1
  m_SelectedEditorRenderState: 3
  m_MinimumChartSize: 4
  m_AutoUVMaxDistance: 0.5
  m_AutoUVMaxAngle: 89
  m_LightmapParameters: {fileID: 0}
  m_SortingLayerID: 0
  m_SortingLayer: 0
  m_SortingOrder: 0
  m_AdditionalVertexStreams: {fileID: 0}
--- !u!1 &9154924737876149768
GameObject:
  m_ObjectHideFlags: 0
  m_CorrespondingSourceObject: {fileID: 0}
  m_PrefabInstance: {fileID: 0}
  m_PrefabAsset: {fileID: 0}
  serializedVersion: 6
  m_Component:
  - component: {fileID: 8378669101144022194}
  - component: {fileID: 4152072208488298236}
  - component: {fileID: 5030004159590597805}
  - component: {fileID: 5789281196239001074}
  m_Layer: 0
  m_Name: Lock
  m_TagString: Untagged
  m_Icon: {fileID: 0}
  m_NavMeshLayer: 0
  m_StaticEditorFlags: 0
  m_IsActive: 1
--- !u!4 &8378669101144022194
Transform:
  m_ObjectHideFlags: 0
  m_CorrespondingSourceObject: {fileID: 0}
  m_PrefabInstance: {fileID: 0}
  m_PrefabAsset: {fileID: 0}
  m_GameObject: {fileID: 9154924737876149768}
  m_LocalRotation: {x: 0, y: 0, z: 0, w: 1}
  m_LocalPosition: {x: -11.168, y: 1.67, z: -7.4772}
  m_LocalScale: {x: 1.9192, y: 1.9192, z: 1.9192}
  m_ConstrainProportionsScale: 0
  m_Children:
  - {fileID: 4426792962211803293}
  - {fileID: 835700460067051650}
  - {fileID: 3360796417233787192}
  - {fileID: 6089711368666559441}
  - {fileID: 80978167090427236}
  - {fileID: 821421312639658214}
  m_Father: {fileID: 0}
  m_RootOrder: 0
  m_LocalEulerAnglesHint: {x: 0, y: 0, z: 0}
--- !u!114 &4152072208488298236
MonoBehaviour:
  m_ObjectHideFlags: 0
  m_CorrespondingSourceObject: {fileID: 0}
  m_PrefabInstance: {fileID: 0}
  m_PrefabAsset: {fileID: 0}
  m_GameObject: {fileID: 9154924737876149768}
  m_Enabled: 0
  m_EditorHideFlags: 0
  m_Script: {fileID: 11500000, guid: 5fea29bb7c508c244a1f805a5fd3fc4d, type: 3}
  m_Name: 
  m_EditorClassIdentifier: 
  outlineMode: 1
  outlineColor: {r: 1, g: 1, b: 1, a: 1}
  outlineWidth: 7
  precomputeOutline: 1
  bakeKeys:
  - {fileID: 10202, guid: 0000000000000000e000000000000000, type: 0}
  bakeValues:
  - data:
    - {x: 0.57735026, y: -0.57735026, z: 0.57735026}
    - {x: -0.57735026, y: -0.57735026, z: 0.57735026}
    - {x: 0.57735026, y: 0.57735026, z: 0.57735026}
    - {x: -0.57735026, y: 0.57735026, z: 0.57735026}
    - {x: 0.57735026, y: 0.57735026, z: -0.57735026}
    - {x: -0.57735026, y: 0.57735026, z: -0.57735026}
    - {x: 0.57735026, y: -0.57735026, z: -0.57735026}
    - {x: -0.57735026, y: -0.57735026, z: -0.57735026}
    - {x: 0.57735026, y: 0.57735026, z: 0.57735026}
    - {x: -0.57735026, y: 0.57735026, z: 0.57735026}
    - {x: 0.57735026, y: 0.57735026, z: -0.57735026}
    - {x: -0.57735026, y: 0.57735026, z: -0.57735026}
    - {x: 0.57735026, y: -0.57735026, z: -0.57735026}
    - {x: 0.57735026, y: -0.57735026, z: 0.57735026}
    - {x: -0.57735026, y: -0.57735026, z: 0.57735026}
    - {x: -0.57735026, y: -0.57735026, z: -0.57735026}
    - {x: -0.57735026, y: -0.57735026, z: 0.57735026}
    - {x: -0.57735026, y: 0.57735026, z: 0.57735026}
    - {x: -0.57735026, y: 0.57735026, z: -0.57735026}
    - {x: -0.57735026, y: -0.57735026, z: -0.57735026}
    - {x: 0.57735026, y: -0.57735026, z: -0.57735026}
    - {x: 0.57735026, y: 0.57735026, z: -0.57735026}
    - {x: 0.57735026, y: 0.57735026, z: 0.57735026}
    - {x: 0.57735026, y: -0.57735026, z: 0.57735026}
--- !u!114 &5030004159590597805
MonoBehaviour:
  m_ObjectHideFlags: 0
  m_CorrespondingSourceObject: {fileID: 0}
  m_PrefabInstance: {fileID: 0}
  m_PrefabAsset: {fileID: 0}
  m_GameObject: {fileID: 9154924737876149768}
  m_Enabled: 1
  m_EditorHideFlags: 0
  m_Script: {fileID: 11500000, guid: 205f94f8a4ea82943afac580f7b8f914, type: 3}
  m_Name: 
  m_EditorClassIdentifier: 
  m_key: {fileID: 155725275131098382}
  m_audioSource: {fileID: 0}
--- !u!65 &5789281196239001074
BoxCollider:
  m_ObjectHideFlags: 0
  m_CorrespondingSourceObject: {fileID: 0}
  m_PrefabInstance: {fileID: 0}
  m_PrefabAsset: {fileID: 0}
  m_GameObject: {fileID: 9154924737876149768}
  m_Material: {fileID: 0}
  m_IsTrigger: 0
  m_Enabled: 1
  serializedVersion: 2
  m_Size: {x: 0.12710477, y: 0.1673698, z: 0.055234786}
  m_Center: {x: 0.00088730705, y: 0.07626513, z: 0.01226176}
--- !u!1001 &428714758
PrefabInstance:
  m_ObjectHideFlags: 0
  serializedVersion: 2
  m_Modification:
    m_TransformParent: {fileID: 8378669101144022194}
    m_Modifications:
    - target: {fileID: 155725275272879624, guid: 40907c847d8e5ce43b5ef8d96f7f680f,
        type: 3}
      propertyPath: m_Name
      value: Key (2)
      objectReference: {fileID: 0}
    - target: {fileID: 155725275272879624, guid: 40907c847d8e5ce43b5ef8d96f7f680f,
        type: 3}
      propertyPath: m_IsActive
      value: 0
      objectReference: {fileID: 0}
    - target: {fileID: 821421312783139808, guid: 40907c847d8e5ce43b5ef8d96f7f680f,
        type: 3}
      propertyPath: m_RootOrder
      value: 5
      objectReference: {fileID: 0}
    - target: {fileID: 821421312783139808, guid: 40907c847d8e5ce43b5ef8d96f7f680f,
        type: 3}
      propertyPath: m_LocalPosition.x
      value: -0.0015632946
      objectReference: {fileID: 0}
    - target: {fileID: 821421312783139808, guid: 40907c847d8e5ce43b5ef8d96f7f680f,
        type: 3}
      propertyPath: m_LocalPosition.y
      value: 0.20581491
      objectReference: {fileID: 0}
    - target: {fileID: 821421312783139808, guid: 40907c847d8e5ce43b5ef8d96f7f680f,
        type: 3}
      propertyPath: m_LocalPosition.z
      value: 0.08128395
      objectReference: {fileID: 0}
    - target: {fileID: 821421312783139808, guid: 40907c847d8e5ce43b5ef8d96f7f680f,
        type: 3}
      propertyPath: m_LocalRotation.w
      value: 0.5
      objectReference: {fileID: 0}
    - target: {fileID: 821421312783139808, guid: 40907c847d8e5ce43b5ef8d96f7f680f,
        type: 3}
      propertyPath: m_LocalRotation.x
      value: -0.5
      objectReference: {fileID: 0}
    - target: {fileID: 821421312783139808, guid: 40907c847d8e5ce43b5ef8d96f7f680f,
        type: 3}
      propertyPath: m_LocalRotation.y
      value: 0.5
      objectReference: {fileID: 0}
    - target: {fileID: 821421312783139808, guid: 40907c847d8e5ce43b5ef8d96f7f680f,
        type: 3}
      propertyPath: m_LocalRotation.z
      value: -0.5
      objectReference: {fileID: 0}
    - target: {fileID: 821421312783139808, guid: 40907c847d8e5ce43b5ef8d96f7f680f,
        type: 3}
      propertyPath: m_LocalEulerAnglesHint.x
      value: 0
      objectReference: {fileID: 0}
    - target: {fileID: 821421312783139808, guid: 40907c847d8e5ce43b5ef8d96f7f680f,
        type: 3}
      propertyPath: m_LocalEulerAnglesHint.y
      value: 180
      objectReference: {fileID: 0}
    - target: {fileID: 821421312783139808, guid: 40907c847d8e5ce43b5ef8d96f7f680f,
        type: 3}
      propertyPath: m_LocalEulerAnglesHint.z
      value: -90
      objectReference: {fileID: 0}
    m_RemovedComponents: []
  m_SourcePrefab: {fileID: 100100000, guid: 40907c847d8e5ce43b5ef8d96f7f680f, type: 3}
--- !u!1 &155725275131098382 stripped
GameObject:
  m_CorrespondingSourceObject: {fileID: 155725275272879624, guid: 40907c847d8e5ce43b5ef8d96f7f680f,
    type: 3}
  m_PrefabInstance: {fileID: 428714758}
  m_PrefabAsset: {fileID: 0}
--- !u!4 &821421312639658214 stripped
Transform:
  m_CorrespondingSourceObject: {fileID: 821421312783139808, guid: 40907c847d8e5ce43b5ef8d96f7f680f,
    type: 3}
  m_PrefabInstance: {fileID: 428714758}
  m_PrefabAsset: {fileID: 0}
